@article{Reiss_2019,
	doi = {10.3847/1538-4365/aaf8b3},
	url = {https://iopscience.iop.org/article/10.3847/1538-4365/aaf8b3/pdf},
	year = 2019,
	month = {feb},
	publisher = {American Astronomical Society},
	volume = {240},
	number = {2},
	pages = {35},
	author = {
  Martin A. Reiss and Peter J. MacNeice and Leila M. Mays and Charles N. Arge and 
  Christian M\"{o}stl and Ljubomir Nikolic and Tanja Amerstorfer},
	title = {Forecasting the Ambient Solar Wind with Numerical Models. I. On the Implementation of an Operational Framework},
	journal = {The Astrophysical Journal Supplement Series}
}

@article{csss,
author = {Zhao, Xuepu and Hoeksema, J. Todd},
title = {Prediction of the interplanetary magnetic field strength},
journal = {Journal of Geophysical Research: Space Physics},
volume = {100},
number = {A1},
pages = {19-33},
doi = {10.1029/94JA02266},
url = {https://agupubs.onlinelibrary.wiley.com/doi/abs/10.1029/94JA02266},
eprint = {https://agupubs.onlinelibrary.wiley.com/doi/pdf/10.1029/94JA02266},
year = {1995}
}